============================================================================================================
demo:
============================================================================================================

@incollection{Bengio+chapter2007,
author = {Bengio, Yoshua and LeCun, Yann},
booktitle = {Large Scale Kernel Machines},
publisher = {MIT Press},
title = {Scaling Learning Algorithms Towards {AI}},
year = {2007}
}

@article{Hinton06,
author = {Hinton, Geoffrey E. and Osindero, Simon and Teh, Yee Whye},
journal = {Neural Computation},
pages = {1527--1554},
title = {A Fast Learning Algorithm for Deep Belief Nets},
volume = {18},
year = {2006}
}

@book{goodfellow2016deep,
title={Deep learning},
author={Goodfellow, Ian and Bengio, Yoshua and Courville, Aaron and Bengio, Yoshua},
volume={1},
year={2016},
publisher={MIT Press}
}

============================================================================================================

@article{Molina2012Optimal,
  author    = {Molina, Abel and Vidick, Thomas and Watrous, John},
  title     = {Optimal counterfeiting attacks and generalizations for {W}iesner's quantum money},
  journal   = {arXiv preprint arXiv:1202.4010v1 [quant-ph]},
  year      = {2012},
  eprint    = {1202.4010},
  archivePrefix = {arXiv},
  primaryClass = {quant-ph}
}

@article{Nagaj2016Adaptive,
  author    = {Nagaj, Daniel and Sattath, Or and Brodutch, Aharon and Unruh, Dominique},
  title     = {An adaptive attack on {W}iesner's quantum money},
  journal   = {arXiv preprint arXiv:1404.1507v4 [quant-ph]},
  year      = {2016},
  eprint    = {1404.1507},
  archivePrefix = {arXiv},
  primaryClass = {quant-ph}
}

@article{Wiesner1983Conjugate,
  author    = {Wiesner, Stephen},
  title     = {Conjugate coding},
  journal   = {ACM Sigact News},
  volume    = {15},
  number    = {1},
  pages     = {78--88},
  year      = {1983},
  publisher = {ACM New York, NY, USA}
}

@book{NielsenChuang2010Quantum,
  author    = {Nielsen, Michael A. and Chuang, Isaac L.},
  title     = {Quantum Computation and Quantum Information: 10th Anniversary Edition},
  publisher = {Cambridge University Press},
  year      = {2010}
}

@article{WoottersZurek1982Single,
  author    = {Wootters, William K. and Zurek, Wojciech H.},
  title     = {A single quantum cannot be cloned},
  journal   = {Nature},
  volume    = {299},
  number    = {5886},
  pages     = {802--803},
  year      = {1982},
  publisher = {Nature Publishing Group}
}

@article{BennettBrassard1984Quantum,
  author    = {Bennett, Charles H. and Brassard, Gilles},
  title     = {Quantum cryptography: Public key distribution and coin tossing},
  journal   = {Proceedings of IEEE International Conference on Computers, Systems and Signal Processing},
  pages     = {175--179},
  year      = {1984},
  address   = {Bangalore, India}
}

@article{ShorPreskill2000Simple,
  author    = {Shor, Peter W. and Preskill, John},
  title     = {Simple Proof of Security of the {BB84} Quantum Key Distribution Protocol},
  journal   = {Physical Review Letters},
  volume    = {85},
  number    = {2},
  pages     = {441--444},
  year      = {2000},
  publisher = {APS}
}

@article{VandenbergheBoyd1996Semidefinite,
  author    = {Vandenberghe, Lieven and Boyd, Stephen},
  title     = {Semidefinite programming},
  journal   = {SIAM Review},
  volume    = {38},
  number    = {1},
  pages     = {49--95},
  year      = {1996}
}

@book{Watrous2018Theory,
  author    = {Watrous, John},
  title     = {The Theory of Quantum Information},
  publisher = {Cambridge University Press},
  year      = {2018}
}

@article{Choi1975Completely,
  author    = {Choi, Man-Duen},
  title     = {Completely positive linear maps on complex matrices},
  journal   = {Linear Algebra and its Applications},
  volume    = {10},
  number    = {3},
  pages     = {285--290},
  year      = {1975}
}

@article{Jamiolkowski1972Linear,
  author    = {Jamio{\l}kowski, Andrzej},
  title     = {Linear transformations which preserve trace and positive semidefiniteness of operators},
  journal   = {Reports on Mathematical Physics},
  volume    = {3},
  number    = {4},
  pages     = {275--278},
  year      = {1972}
}

@article{zeno,
  title = {Interaction-Free Measurement},
  author = {Kwiat, Paul and Weinfurter, Harald and Herzog, Thomas and Zeilinger, Anton and Kasevich, Mark A.},
  journal = {Phys. Rev. Lett.},
  volume = {74},
  issue = {24},
  pages = {4763--4766},
  numpages = {0},
  year = {1995},
  month = {Jun},
  publisher = {American Physical Society},
  doi = {10.1103/PhysRevLett.74.4763},
  url = {https://link.aps.org/doi/10.1103/PhysRevLett.74.4763}
}
